@article{neummanUlam,
	author={Edward F Moore}, 
	journal={Proceedings of Symposia in Applied Mathematics}, 
	title={Machine {Models} of {Self}-{Reproduction}}, 
	year={1962}, 
	volume={14}, 
	pages={17-33},
}

@article{libroGardner,
	author={D Klarner}, 
	journal={The American Mathematical Monthly}, 
	title={Wheels, {Life} and {Other} {Mathematical} {Amusements}, by {Martin} {Gardner}}, 
	year={1986}, 
	volume={93}, 
	number={4},
	pages={321-323},
}

@article{primerap, 
	author={Martin Gardner}, 
	journal={Scientific American}, 
	title={Mathematical {Games} - {The} fantastic combinations of {John} {Conway}'s new solitaire game "life"}, 
	year={1970}, 
	volume={223}, 
	number={4},
	pages={120-123}
}

@article{triangular, 
	author={C Bays}, 
	journal={Complex Systems}, 
	title={Cellular {Automata} in the {Triangular} {Tessellation}}, 
	year={1994}, 
	volume={8},  
	pages={127-150}
}
% https://wpmedia.wolfram.com/uploads/sites/13/2018/02/08-2-4.pdf
  
  
@article{finitudMalla, 
	author={J Hemmingsson}, 
	journal={Physica D}, 
	title={Consistent results on {'Life'}}, 
	year={1995}, 
	volume={80}, 
	number={1-2}, 
	pages={151-153}
}

@article{hiperbolico, 
	author={C Reiter}, 
	journal={Computers and Graphics}, 
	title={The game of life on a hyperbolic domain}, 
	year={1997}, 
	volume={21}, 
	number={5}, 
	pages={673-683}
}

@article{penrose, 
	author={N Owens and S Stepney}, 
	journal={J. Cell. Autom.}, 
	title={Investigations of the {Game} of {Life} cellular automata rules on {Penrose} tilings: lifetime, ash and oscillator statistics}, 
	year={2010}, 
	volume={5}, 
	number={3}, 
	pages={207-255}
}


@misc{boardless,
    title = "{Conway}'s {Game} of {Life} - {Boardless} approach",
    howpublished = "\url{https://web.archive.org/web/20190212184430/https://rosettacode.org/wiki/Conway's_Game_of_Life#Boardless_approach}",
    note = "[Online; accessed 14-February-2019]"
}


@book{ccuatro,
	author={S Wolfram},
	title={Celular {Automata} and {Complexity}},
	publisher={Addison-Wesley},
	year={1994}	
}

@article{ccuatro2,
	author={H V McIntosh},
	title={Wolfram's class {IV} automata and a good life},
	journal={Physica D}, 
	pages={105-121},
	volume={45},
	year={1990}
}

@book{turingUniversal,
	author={P Rendell},
	title={Turing universality of the game of life. {In}: {Adamatzky} A. ({Eds.}) {Collision}-{Based} {Computing}},
	publisher={Springer}, 
	pages={513},
	year={2002}
}


@book{logical,
author={J P Rennard},
year={2002},
doi={10.1007/978-1-4471-0129-1_17},
publisher={Springer},
address={London},
title={Implementation of {Logical} {Functions} in the {Game} of {Life}. {In}: {Adamatzky} A. ({Eds.}) {Collision}-{Based} {Computing}}
}

@misc{turing,
    title = "A {Turing} {Machine} in {Conway}'s {Game} of {Life}, extendable to a {Universal} {Turing} {Machine}",
    howpublished = "\url{https://web.archive.org/web/20190118023640/http://rendell-attic.org/gol/tm.htm}",
    note = "[Online; accessed 14-February-2019]"
}

@misc{tetris,
    title = "Build a working game of {Tetris} in {Conway}'s {Game} of {Life} - {Stack}{Exchange}",
    howpublished = "\url{https://web.archive.org/web/20190120082452/https://codegolf.stackexchange.com/questions/11880/build-a-working-game-of-tetris-in-conways-game-of-life}",
    note = "[Online; accessed 14-February-2019]"
}

@article{asyncIntro,
	authors={Nazim Fates and Michel Morvan},
	title={An experimental study of robustness to asynchronism for elementary cellular automata},
	journal={Complex Systems},
	volume={16},
	pages={1-27},
	year={2005}
}

@article{aka,
	authors={Birgitt Sch\ddot{o}nfisch and André de Roos},
	title={Synchronous and asynchronus updating in cellular automata},
	journal={BioSystems},
	volume={51},
	pages={123-143},
	year={1999}
}

@book{asyncInducesStability,
author={H. Bersini and V. Dectours},
year={1994},
pages={382},
publisher={MIT Press},
title={Asynchrony induces stability in cellular automata based models, in: {Brooks} R.A., {Maes} P. ({Eds.}, {Artificial} {Life} {IV})}

} % sin usar aún

@article{finitudMalla2, 
	author = {Blok, Hendrik J.; Bergersen, Birger}, 
	journal={Physical Review E}, 
	title={Effect of boundary conditions on scaling in the '{Game} of {Life}'}, 
 year      = {1997},
 volume    = {55},
 issue     = {5},
 pages     = {6249--6252},
}
%https://journals.aps.org/pre/abstract/10.1103/PhysRevE.55.6249
%https://journals.aps.org/pre/pdf/10.1103/PhysRevE.55.6249

@article{syncVSasync,
 title     = {Synchronous versus asynchronous updating in the “game of Life”},
 author    = {Blok, Hendrik J.; Bergersen, Birger},
 publisher = {The American Physical Society},
 journal   = {Physical Review E},
 issn      = {1539-3755,1550-2376},
 year      = {1999},
 volume    = {59},
 issue     = {4},
 pages     = {3876--3879},
}

@book{mallaIrregular1,
 author={Nazim Fates},
 year={2010},
 publisher={Springer},
 address={London},
 title={Implementation of {Logical} {Functions} in the {Game} of {Life}. {In}: {Adamatzky} A. ({Eds.}) {Game} of {Life} {Cellular} {Automata}},
 pages={257-274}
}% falta añadir tilde

@article{mallaIrregular2, 
	author={Nazim Fates}, 
	title={Critical phenomena in cellular automata: perturbing the update, transitions, the topology},
	journal={Acta Physica Polonica B - Proceedings Supplement},
	volume={3},
	issue={2},
	pages={315-325},
	year={2010}
}% falta añadir tilde

@article{oraculo, 
	author={Alberto Dennunzio and Enrico Formenti and Luca Manzoni and others}, 
	title={m-{Asynchronous} cellular automata: from fairness to quasi-fairness},
	journal={Natural Computing},
	volume={12},
	pages={561-572},
	publisher={Springer},
	year={2013}
}% https://link.springer.com/article/10.1007/s11047-013-9386-5

@article{planos, 
	author={G Marsaglia}, 
	title={Random {Numbers} {Fall} {Mainly} in the {Planes}},
	journal={Proceedings of the National Academy of Sciences},
	volume={61},
	pages={25-28},
	year={1968}
}% https://link.springer.com/article/10.1007/s11047-013-9386-5


@misc{dieharder,
    title = "Dieharder: {A} {Random} {Number} {Test} {Suite}",
    howpublished = "\url{http://web.archive.org/web/20190402181134/http://webhome.phy.duke.edu/~rgb/General/rand_rate.php}",
    note = "[Online; accessed 02-April-2019]"
}

% Libros para el marco matemático
@book{elLibro,
   title =     {Probability: A graduate course},
   author =    {Allan Gut},
   publisher = {Springer},
   isbn =      {0387228330,9780387228334,9780387273327},
   year =      {2005},
   series =    {Springer Texts in Statistics},
}

@book{loeve,
   title =     {Probability theory I},
   author =    {M. Loeve},
   publisher = {Springer},
   isbn =      {9780387902104,0387902104,3540902104,9783540902102},
   year =      {1977},
   edition =   {4th},
}

@book{grandesNumeros,
   title =     {Probability with martingales},
   author =    {David Williams},
   publisher = {Cambridge University Press},
   isbn =      {9780521406055,0521406056},
   year =      {1991},
   series =    {Cambridge Mathematical Textbooks},
}